<?xml version="1.0" encoding="UTF-8"?><collection xmlns="http://www.loc.gov/MARC21/slim"><record><leader>00572nam--2200133-i-4500</leader><controlfield tag="001">000013911</controlfield><controlfield tag="002">20161230</controlfield><controlfield tag="005">20161230201030</controlfield><controlfield tag="008">060222s1000------------r-----000-0-eng-d</controlfield><datafield ind1=" " ind2=" " tag="080"><subfield code="a">550.8(043)</subfield></datafield><datafield ind1=" " ind2=" " tag="100"><subfield code="a">Barbu, Corneliiu</subfield></datafield><datafield ind1=" " ind2=" " tag="245"><subfield code="a">Structura adinca a partii de est a platformei moesice (teritoriul r.s.r.) cu privire la zone le de acumulare posibile pentru petrol si gaze ale paleozoicului. rezumatul tezei de doctorat conducator stiintific, prof.iulian gavat, m.c. al academiei r.s.r</subfield></datafield><datafield ind1=" " ind2=" " tag="260"><subfield code="a">Bucuresti, Inst.De Petrol, Gaze Si Geologie, 1973. 48 P</subfield></datafield><datafield ind1=" " ind2=" " tag="852"><subfield code="a">48140</subfield></datafield></record></collection>